<record><leader>00000cas a22000007a 4500</leader><controlfield tag="001">8808046</controlfield><controlfield tag="008">820925d19541982ksudn ne      0   a0eng  </controlfield><controlfield tag="009">466</controlfield><datafield ind1=" " ind2=" " tag="010"><subfield code="a">sn 82015323 </subfield></datafield><datafield ind1=" " ind2=" " tag="040"><subfield code="a">DLC</subfield><subfield code="b">eng</subfield><subfield code="c">DLC</subfield><subfield code="d">NSD</subfield><subfield code="d">NPT</subfield><subfield code="d">DLC</subfield></datafield><datafield ind1="1" ind2=" " tag="029"><subfield code="a">AU@</subfield><subfield code="b">000025829458</subfield></datafield><datafield ind1=" " ind2=" " tag="042"><subfield code="a">msc</subfield></datafield><datafield ind1="0" ind2="0" tag="050"><subfield code="a">Newspaper 7827</subfield></datafield><datafield ind1="0" ind2=" " tag="130"><subfield code="a">Tiller and toiler (Larned, Kan. : 1954)</subfield></datafield><datafield ind1="0" ind2="4" tag="245"><subfield code="a">The Tiller and toiler.</subfield></datafield><datafield ind1=" " ind2=" " tag="260"><subfield code="a">Larned, Kan. :</subfield><subfield code="b">Mrs. Leslie Wallace,</subfield><subfield code="c">1954-1982.</subfield></datafield><datafield ind1=" " ind2=" " tag="300"><subfield code="a">28 v. :</subfield><subfield code="b">ill. ;</subfield><subfield code="c">58 cm.</subfield></datafield><datafield ind1=" " ind2=" " tag="310"><subfield code="a">Daily (except Sat. and Sun.)</subfield></datafield><datafield ind1="0" ind2=" " tag="362"><subfield code="a">Vol. 69, no. 1 (Oct. 1, 1954)-v. 104, no. 65 (Dec. 31, 1982).</subfield></datafield><datafield ind1=" " ind2=" " tag="500"><subfield code="a">Published by: Jack Zygmond, Sept. 24, 1969-Nov. 16, 1982; Chuck Walton, Nov. 17-Dec. 31, 1982.</subfield></datafield><datafield ind1=" " ind2=" " tag="500"><subfield code="a">"Democratic."</subfield></datafield><datafield ind1=" " ind2=" " tag="515"><subfield code="a">Numbering is irregular.</subfield></datafield><datafield ind1=" " ind2=" " tag="752"><subfield code="a">United States</subfield><subfield code="b">Kansas</subfield><subfield code="c">Pawnee</subfield><subfield code="d">Larned.</subfield></datafield><datafield ind1="0" ind2="4" tag="780"><subfield code="t">Tiller and toiler (Larned, Kan. : 1902)</subfield><subfield code="w">(DLC)sn 85029535</subfield></datafield><datafield ind1="0" ind2="4" tag="780"><subfield code="t">Daily tiller and toiler</subfield><subfield code="w">(DLC)sn 85029530</subfield></datafield><datafield ind1="0" ind2="0" tag="785"><subfield code="t">Larned tiller and toiler</subfield><subfield code="w">(OCoLC)9228001</subfield></datafield></record>